
@article{amos_storkey_machine_2011,
	title = {Machine learning markets},
	url = {http://arxiv.org/abs/1106.4509},
	urldate = {2015-03-12},
	journal = {arXiv preprint arXiv:1106.4509},
	author = {{Amos Storkey}},
	year = {2011},
	file = {Storkey - 2011 - Machine learning markets.pdf:C\:\\Users\\I\\AppData\\Roaming\\Mozilla\\Firefox\\Profiles\\gi1oan12.default\\zotero\\storage\\4T25ZM7W\\Storkey - 2011 - Machine learning markets.pdf:application/pdf}
}