<!DOCTYPE HTML PUBLIC "-//W3C//DTD HTML 4.01 Transitional//EN"
            "http://www.w3.org/TR/html4/loose.dtd">
<!--DOCTYPE Needs to be the very first thing on the page, or IE 6 goes
    into quirks mode, rather than standards mode -->
<!--DOCUMENT STARTS-->
<!--START:/ssi/doctype.inc-->
<html>
<head>
<!--END:/ssi/doctype.inc-->
<!--TITLE HERE-->

<TITLE>404 File Not Found</TITLE>
<!--START:/ssi/header.inc-->
<meta http-equiv="Content-Type" content="text/html;charset=utf-8" >
<link href="/styles.css" rel="stylesheet" type="text/css" >
<link rel="icon" href="/images/tinyi.ico" type="image/x-icon" >
<link rel="shortcut icon" href="/images/tinyi.ico" type="image/x-icon" >

</head>

<body bgcolor="#FFFFFF" >
<div id="banner">
<a href="#main" class="skiplink"><img src="/images/spacer.gif" width="1" height="1" border="0" alt="skip navigation"></a>
<table style="width: 100%; border-style: none; background-color: #005093;" cellpadding="0" cellspacing="0" class="noprint">
  <tr>
    <td>
     <table width="100%" border="0" cellspacing="0" cellpadding="0">
      <tr>
        <td width="84" align="left" valign="top"><img src="/images/crest.jpg" alt="The University of Edinburgh"  width="84" height="84" border="0" id="logo" usemap="#logo"></td>
        <td width="479" align="left" valign="top"><img src="/images/title.jpg" alt="School of Informatics" width="479" height="84" border="0" id="collegetitle" usemap="#title"></td>
        <td style="background-image: url(/images/logoEnd.jpg);background-repeat: no-repeat;" width="100%"> 
<div align="left">
<a target="_top" href="http://www.ed.ac.uk" class="headertext"><img src="/images/arrow.gif" width="16" height="11" border="0" alt=""></a><a target="_top" href="http://www.ed.ac.uk" class="headertext">University Homepage</a><br>
<a target="_top" href="/" class="headertext"><img src="/images/arrow.gif" width="16" height="11" border="0" alt=""></a><a target="_top" href="/" class="headertext">School Homepage</a><br>
<a target="_top" href="/about/contact.html" class="headertext"><img src="/images/arrow.gif" width="16" height="11" border="0" alt=""></a><a target="_top" href="/about/contact.html" class="headertext">School Contacts</a><br>
<a target="_top" href="/search/" class="headertext"><img src="/images/arrow.gif" width="16" height="11" border="0" alt=""></a><a target="_top" href="/search/" class="headertext">School Search</a><br>
<img src="/images/spacer.gif" width="212" height="1" border="0" alt=""></div>

      </tr>
    </table>
    </td>
  </tr>
</table>

<map name="logo">
<area target="_top" href="http://www.ed.ac.uk/" shape="poly" coords="0,0,0,84,83,84,83,83,84,83,84,0,0,0" alt="The University of Edinburgh" title="The University of Edinburgh">
<area target="_top" href="#main" shape="rect" coords="83,83,84,84" alt="Skip Navigation" title="Skip Navigation">
</map>
<map name="title">
<area target="_top" href="http://www.ed.ac.uk/" shape="rect" coords="9,17,253,33" alt="The University of Edinburgh" title="The University of Edinburgh">
<area target="_top" href="/" shape="rect" coords="10,42,270,76" alt="School of Informatics" title="School of Informatics">
</map>

</div> <!-- \banner -->
<div id="container">
<a name="main"></a> <!-- might not always be the top of the main content -->
<!--END:/ssi/header.inc-->

<H1>File Not Found</H1>

The URL you requested <b>/teaching/courses/proj/Latex/mybibfile.bib</b> is not valid.<p>
This may be because the URL is incorrect, or because the information the
URL pointed at no longer exists.<p>

A number of tools exist to help you in finding the information you
       require. Please try the site search box below, or looking at our
       <a href="http://www.inf.ed.ac.uk/map/">site map</a>
       <p><h3>Search</h3>
<!--START:/ssi/search.inc--> 

<p> 
<b>Enter some keywords to search on</b>, get <A href="/search/help.html">
help</a> for this service, or find out about the <A
href="/search/about.html">tools</a> used to construct it.

<DIV ALIGN=CENTER>
<FORM METHOD=GET ACTION="/cgi-bin/search">
<INPUT NAME="query" size=50>
<INPUT TYPE="submit" value="Search">
</FORM>
</DIV>
<!--END:/ssi/search.inc-->
<!--START:/ssi/bar.inc-->
<p>
<div align=center>
<img src="/images/page_bar.gif" width="489" height="1" alt=""
align="top">
</div>
<!--END:/ssi/bar.inc-->
<!--START:/ssi/footer.inc-->
</div> <!-- end container -->
<table align="center">
<tr>
    <td>
    <div align="center"><font size="1">Informatics Forum, 10 Crichton Street, Edinburgh, EH8 9AB, Scotland, UK<br>
        Tel: +44 131 651 5661, Fax: +44 131 651 1426, E-mail: 
        school-office@inf.ed.ac.uk<br>
        Please <a href="/about/webmaster.html">contact our webadmin</a> with
        any comments or corrections. <a style="font-weight: bold" href="/about/cookies.html">Logging and Cookies</a><br>
        Unless explicitly stated otherwise, all material is copyright &copy;
        The University of Edinburgh
    </font></div>
   </td>
  </tr>
</table>
<!--TRACKING CODE ADDED BY Michael Fourman-->
<!--#include virtual="/ssi/analyticsTrack.inc"-->
<!--END TRACKING CODE ADDED BY Michael Fourman-->

</body>
</html>
<!--END:/ssi/footer.inc-->
<!--DOCUMENT ENDS-->
